<?xml version="1.0" encoding="UTF-8"?>
<marc:collection xmlns:marc="http://www.loc.gov/MARC21/slim" xmlns:xsi="http://www.w3.org/2001/XMLSchema-instance" xsi:schemaLocation="http://www.loc.gov/MARC21/slim http://www.loc.gov/standards/marcxml/schema/MARC21slim.xsd">
   <marc:record type="Bibliographic">
      <marc:leader>01296cam a2200289 a 4500</marc:leader>
      <marc:controlfield tag="001">366755</marc:controlfield>
      <marc:controlfield tag="003">NjP</marc:controlfield>
      <marc:controlfield tag="005">20160812174528.0</marc:controlfield>
      <marc:controlfield tag="008">870410s1981    ir            00110 ara d</marc:controlfield>
      <marc:datafield tag="024" ind1="7" ind2=" ">
         <marc:subfield code="a">princeton_aco001005</marc:subfield>
         <marc:subfield code="2">local</marc:subfield>
      </marc:datafield>
      <marc:datafield tag="035" ind1=" " ind2=" ">
         <marc:subfield code="a">(OCoLC)9300660</marc:subfield>
      </marc:datafield>
      <marc:datafield tag="035" ind1=" " ind2=" ">
         <marc:subfield code="a">(CStRLIN)NJPG87-B16346</marc:subfield>
      </marc:datafield>
      <marc:datafield tag="035" ind1=" " ind2=" ">
         <marc:subfield code="9">ABU2179TS</marc:subfield>
      </marc:datafield>
      <marc:datafield tag="040" ind1=" " ind2=" ">
         <marc:subfield code="a">NjP</marc:subfield>
         <marc:subfield code="c">NjP</marc:subfield>
      </marc:datafield>
      <marc:datafield tag="100" ind1="2" ind2=" ">
         <marc:subfield code="a">Ṣadr al-Dīn Shīrāzī, Muḥammad ibn Ibrāhīm,</marc:subfield>
         <marc:subfield code="d">-1641.</marc:subfield>
         <marc:subfield code="0">(uri)http://id.loc.gov/authorities/names/n81035993</marc:subfield>
      </marc:datafield>
      <marc:datafield tag="245" ind1="1" ind2="0">
         <marc:subfield code="a">Asrār al-āyāt /</marc:subfield>
         <marc:subfield code="c">taʼlīf-i Ṣadr al-Dīn Muḥammad ibn Ibrāhīm al-Shīrāzī ; bā muqaddamah va taṣḥīḥ-i Muḥammad Khvājavī.</marc:subfield>
      </marc:datafield>
      <marc:datafield tag="250" ind1=" " ind2=" ">
         <marc:subfield code="a">Chāp-i 1.</marc:subfield>
      </marc:datafield>
      <marc:datafield tag="260" ind1=" " ind2=" ">
         <marc:subfield code="a">Tihrān :</marc:subfield>
         <marc:subfield code="b">Anjuman-i Islāmī-i Ḥikmat va Falsafah-ʼi Īrān ;</marc:subfield>
         <marc:subfield code="c">1981.</marc:subfield>
      </marc:datafield>
      <marc:datafield tag="300" ind1=" " ind2=" ">
         <marc:subfield code="a">15, 246 p. ;</marc:subfield>
         <marc:subfield code="c">24 cm.</marc:subfield>
      </marc:datafield>
      <marc:datafield tag="440" ind1=" " ind2="0">
         <marc:subfield code="a">Intishārāt-i Anjuman-i Islāmī-i Ḥikmat va Falsafah-ʼi Īrān ;</marc:subfield>
         <marc:subfield code="v">shumārah-i 69</marc:subfield>
      </marc:datafield>
      <marc:datafield tag="500" ind1=" " ind2=" ">
         <marc:subfield code="a">Title on added t.p.: The mysteries of the Quranic verses.</marc:subfield>
      </marc:datafield>
      <marc:datafield tag="500" ind1=" " ind2=" ">
         <marc:subfield code="a">Includes index.</marc:subfield>
      </marc:datafield>
      <marc:datafield tag="630" ind1="0" ind2="0">
         <marc:subfield code="a">Qurʼan</marc:subfield>
         <marc:subfield code="x">Early works to 1800.</marc:subfield>
      </marc:datafield>
      <marc:datafield tag="700" ind1="1" ind2=" ">
         <marc:subfield code="a">Khvājavī, Muḥammad.</marc:subfield>
      </marc:datafield>
      <marc:datafield tag="740" ind1="0" ind2=" ">
         <marc:subfield code="a">Mysteries of the Quranic verses.</marc:subfield>
      </marc:datafield>
      <marc:datafield tag="852" ind1="0" ind2=" ">
         <marc:subfield code="b">nec</marc:subfield>
         <marc:subfield code="h">BP132</marc:subfield>
         <marc:subfield code="i">.S237 1981</marc:subfield>
         <marc:subfield code="p">400738</marc:subfield>
         <marc:subfield code="x">reclassed from: 2272.68942.M91.314 1981</marc:subfield>
      </marc:datafield>
      <marc:datafield tag="998" ind1=" " ind2=" ">
         <marc:subfield code="a">04/10/87</marc:subfield>
         <marc:subfield code="s">9114</marc:subfield>
         <marc:subfield code="n">NjP</marc:subfield>
         <marc:subfield code="w">NJPG87B16346</marc:subfield>
         <marc:subfield code="d">04/10/87</marc:subfield>
         <marc:subfield code="c">KE</marc:subfield>
         <marc:subfield code="b">KE</marc:subfield>
         <marc:subfield code="i">870410</marc:subfield>
         <marc:subfield code="l">NJPG</marc:subfield>
      </marc:datafield>
      <marc:datafield tag="911" ind1=" " ind2=" ">
         <marc:subfield code="a">19921028</marc:subfield>
      </marc:datafield>
      <marc:datafield tag="912" ind1=" " ind2=" ">
         <marc:subfield code="a">19900827000000.0</marc:subfield>
      </marc:datafield>
   </marc:record>
</marc:collection>
